<?xml version="1.0" encoding="UTF-8"?>
<zs:searchRetrieveResponse xmlns:zs="http://www.loc.gov/zing/srw/">
  <zs:version>1.1</zs:version>
  <zs:numberOfRecords>45</zs:numberOfRecords>
  <zs:records>
    <zs:record>
      <zs:recordSchema/>
      <zs:recordPacking>xml</zs:recordPacking>
      <zs:recordData>
        <record xmlns="http://www.loc.gov/MARC21/slim">
          <leader>03163cam a2200325 a 4500</leader>
          <controlfield tag="001">16821044</controlfield>
          <controlfield tag="005">20180402135246.0</controlfield>
          <controlfield tag="008">110610s2007    maua          000 0 eng d</controlfield>
          <datafield tag="906" ind1=" " ind2=" ">
            <subfield code="a">7</subfield>
            <subfield code="b">cbc</subfield>
            <subfield code="c">copycat</subfield>
            <subfield code="d">2</subfield>
            <subfield code="e">ncip</subfield>
            <subfield code="f">20</subfield>
            <subfield code="g">y-gencatlg</subfield>
          </datafield>
          <datafield tag="925" ind1="0" ind2=" ">
            <subfield code="a">acquire</subfield>
            <subfield code="b">1 shelf copy</subfield>
            <subfield code="x">policy default</subfield>
          </datafield>
          <datafield tag="925" ind1="1" ind2=" ">
            <subfield code="a">acquire</subfield>
            <subfield code="b">2 shelf copies</subfield>
            <subfield code="x">policy default</subfield>
          </datafield>
          <datafield tag="955" ind1=" " ind2=" ">
            <subfield code="b">xe07 2011-06-10 z-processor to USGEN (2 copies)</subfield>
            <subfield code="i">re11 2011-06-24 to BCCD</subfield>
            <subfield code="t">re11 2011-11-02 copy 2 added</subfield>
          </datafield>
          <datafield tag="010" ind1=" " ind2=" ">
            <subfield code="a">  2011282229</subfield>
          </datafield>
          <datafield tag="020" ind1=" " ind2=" ">
            <subfield code="a">0942349229 (pbk.)</subfield>
          </datafield>
          <datafield tag="020" ind1=" " ind2=" ">
            <subfield code="a">9780942349221 (pbk.)</subfield>
          </datafield>
          <datafield tag="035" ind1=" " ind2=" ">
            <subfield code="a">(OCoLC)ocn164361442</subfield>
          </datafield>
          <datafield tag="040" ind1=" " ind2=" ">
            <subfield code="a">XY4</subfield>
            <subfield code="c">XY4</subfield>
            <subfield code="d">XY4</subfield>
            <subfield code="d">HMG</subfield>
            <subfield code="d">DLC</subfield>
          </datafield>
          <datafield tag="042" ind1=" " ind2=" ">
            <subfield code="a">lccopycat</subfield>
          </datafield>
          <datafield tag="050" ind1="0" ind2="0">
            <subfield code="a">LB3013</subfield>
            <subfield code="b">.H377 2007</subfield>
          </datafield>
          <datafield tag="082" ind1="0" ind2="4">
            <subfield code="a">371.102</subfield>
            <subfield code="2">22</subfield>
          </datafield>
          <datafield tag="100" ind1="1" ind2=" ">
            <subfield code="a">Breeding, Ken.</subfield>
          </datafield>
          <datafield tag="245" ind1="1" ind2="0">
            <subfield code="a">Connected and respected :</subfield>
            <subfield code="b">lessons from the Resolving Conflict Creatively Program : grades 3-5 /</subfield>
            <subfield code="c">Ken Breeding and  Jane Harrison.</subfield>
          </datafield>
          <datafield tag="246" ind1="3" ind2="0">
            <subfield code="a">Lessons from the Resolving Conflict Creatively Program :</subfield>
            <subfield code="b">grades 3-5</subfield>
          </datafield>
          <datafield tag="260" ind1=" " ind2=" ">
            <subfield code="a">Cambridge, Mass. :</subfield>
            <subfield code="b">Educators for Social Responsibility,</subfield>
            <subfield code="c">2007.</subfield>
          </datafield>
          <datafield tag="300" ind1=" " ind2=" ">
            <subfield code="a">xxxvi, 273 p. :</subfield>
            <subfield code="b">ill. ;</subfield>
            <subfield code="c">28 cm.</subfield>
          </datafield>
          <datafield tag="505" ind1="0" ind2=" ">
            <subfield code="a">Grade 3: Making connections -- Creating a positive classroom environment -- Respecting differences -- Working cooperatively -- Point of view -- Defining conflict -- Conflict escalation -- Identifying feelings -- Good and poor listening -- Assertiveness -- Win-win solutions -- Introduction to the concept of culture -- Similarities and differences -- What is prejudice? -- Dealing with bullying behavior -- Concepts of peace -- Grade 4: Making connections -- Creating a positive classroom environment -- Finding commonalities -- Working cooperatively -- Point of view -- Conflict escalation -- Exploring feelings -- Exploring anger -- Active listening -- Strong communication: I-messages -- Negotiating to win-win -- Exploring feelings about differences -- Stereotypes -- Bias awareness: Unfairness in society -- Dealing with bullying behavior -- Making peace -- Grade 5: Making connections -- Creating a positive classroom environment -- Similarities and differences -- Learning to work cooperatively -- Point of view -- Exploring conflict -- Conflict escalation -- Exploring anger -- Active listening -- Speaking assertively: I-messages -- Negotiating to win-win -- Our cultures: Creating a personal web site -- What is prejudice? -- Inequality -- Dealing with bullying behavior -- Peacemakers -- Appendices: Appendix A: RCCP research -- Appendix B: RCCP model -- Appendix C: RCCP as a violence prevention model -- Appendix D: Lesson correlation for countering bullying and harassment -- Appendix E: Lesson correlation for character education -- Appendix F: Lesson correlation for risk behavior prevention -- Appendix G: Teaching mediation -- Appendix H: What does a connected and respected classroom look like? -- Appendix I: Teacher self-assessment integrating connected and respected skills -- Appendix J: Teacher self-assessment integrating SEL competencies -- Credits -- About the authors -- About ESR.</subfield>
          </datafield>
          <datafield tag="650" ind1=" " ind2="0">
            <subfield code="a">Classroom management.</subfield>
          </datafield>
          <datafield tag="650" ind1=" " ind2="0">
            <subfield code="a">Conflict management.</subfield>
          </datafield>
          <datafield tag="700" ind1="1" ind2=" ">
            <subfield code="a">Harrison, Jane.</subfield>
          </datafield>
          <datafield tag="710" ind1="2" ind2=" ">
            <subfield code="a">Educators for Social Responsibility (U.S.)</subfield>
          </datafield>
        </record>
      </zs:recordData>
      <zs:recordPosition>1</zs:recordPosition>
    </zs:record>