
    <zs:record>
      <zs:recordSchema/>
      <zs:recordPacking>xml</zs:recordPacking>
      <zs:recordData>
        <record xmlns="http://www.loc.gov/MARC21/slim">
          <leader>03663cjm a22006491a 4500</leader>
          <controlfield tag="001">13215549</controlfield>
          <controlfield tag="005">20130529100627.0</controlfield>
          <controlfield tag="007">sd fsngnnmmned</controlfield>
          <controlfield tag="008">030528s1997    nyusgn   defi       eng d</controlfield>
          <datafield tag="906" ind1=" " ind2=" ">
            <subfield code="a">7</subfield>
            <subfield code="b">cbc</subfield>
            <subfield code="c">copycat</subfield>
            <subfield code="d">3</subfield>
            <subfield code="e">ncip</subfield>
            <subfield code="f">20</subfield>
            <subfield code="g">y-genmusic</subfield>
          </datafield>
          <datafield tag="925" ind1="0" ind2=" ">
            <subfield code="a">acquire</subfield>
            <subfield code="b">2 copies</subfield>
            <subfield code="x">policy default</subfield>
          </datafield>
          <datafield tag="955" ind1=" " ind2=" ">
            <subfield code="a">vn16 2003-05-28 to MBRS/RS</subfield>
            <subfield code="e">vn16 2003-05-28 Copy 2 to MBRS/RS</subfield>
          </datafield>
          <datafield tag="010" ind1=" " ind2=" ">
            <subfield code="a">  2003583421</subfield>
          </datafield>
          <datafield tag="024" ind1="1" ind2=" ">
            <subfield code="a">3406102642</subfield>
          </datafield>
          <datafield tag="024" ind1="1" ind2=" ">
            <subfield code="a">034061026426</subfield>
          </datafield>
          <datafield tag="028" ind1="0" ind2="1">
            <subfield code="a">TROY264</subfield>
            <subfield code="b">Albany Records</subfield>
          </datafield>
          <datafield tag="028" ind1="0" ind2="2">
            <subfield code="a">TROY 264</subfield>
            <subfield code="b">Albany Records</subfield>
          </datafield>
          <datafield tag="033" ind1=" " ind2=" ">
            <subfield code="b">3764</subfield>
            <subfield code="c">C2</subfield>
          </datafield>
          <datafield tag="035" ind1=" " ind2=" ">
            <subfield code="a">(DLC)   2003583421</subfield>
          </datafield>
          <datafield tag="035" ind1=" " ind2=" ">
            <subfield code="a">(OCoLC)ocm39016187</subfield>
          </datafield>
          <datafield tag="040" ind1=" " ind2=" ">
            <subfield code="a">SNN</subfield>
            <subfield code="c">SNN</subfield>
            <subfield code="d">OCLCQ</subfield>
            <subfield code="d">DLC</subfield>
          </datafield>
          <datafield tag="041" ind1="0" ind2=" ">
            <subfield code="d">eng</subfield>
            <subfield code="e">eng</subfield>
            <subfield code="g">eng</subfield>
          </datafield>
          <datafield tag="042" ind1=" " ind2=" ">
            <subfield code="a">lcderive</subfield>
          </datafield>
          <datafield tag="048" ind1=" " ind2=" ">
            <subfield code="a">wa01</subfield>
            <subfield code="a">wb01</subfield>
            <subfield code="a">a01</subfield>
            <subfield code="a">sc01</subfield>
            <subfield code="a">kc01</subfield>
            <subfield code="b">va01</subfield>
          </datafield>
          <datafield tag="048" ind1=" " ind2=" ">
            <subfield code="a">va01</subfield>
            <subfield code="a">ka01</subfield>
          </datafield>
          <datafield tag="048" ind1=" " ind2=" ">
            <subfield code="a">wc01</subfield>
            <subfield code="a">ka01</subfield>
            <subfield code="b">va01</subfield>
          </datafield>
          <datafield tag="050" ind1="0" ind2="0">
            <subfield code="a">SDA 68683</subfield>
          </datafield>
          <datafield tag="100" ind1="1" ind2=" ">
            <subfield code="a">Danton, Jean.</subfield>
            <subfield code="4">voc</subfield>
          </datafield>
          <datafield tag="245" ind1="1" ind2="0">
            <subfield code="a">Songs of innocence</subfield>
            <subfield code="h">[sound recording].</subfield>
          </datafield>
          <datafield tag="260" ind1=" " ind2=" ">
            <subfield code="a">Albany, NY :</subfield>
            <subfield code="b">Albany Records,</subfield>
            <subfield code="c">p1997.</subfield>
          </datafield>
          <datafield tag="300" ind1=" " ind2=" ">
            <subfield code="a">1 sound disc (66 min.) :</subfield>
            <subfield code="b">digital ;</subfield>
            <subfield code="c">4 3/4 in.</subfield>
          </datafield>
          <datafield tag="306" ind1=" " ind2=" ">
            <subfield code="a">000145</subfield>
            <subfield code="a">000315</subfield>
            <subfield code="a">000147</subfield>
            <subfield code="a">000340</subfield>
            <subfield code="a">000214</subfield>
            <subfield code="a">000346</subfield>
            <subfield code="a">000209</subfield>
            <subfield code="a">000215</subfield>
            <subfield code="a">000232</subfield>
            <subfield code="a">000214</subfield>
            <subfield code="a">000242</subfield>
            <subfield code="a">000150</subfield>
            <subfield code="a">000153</subfield>
            <subfield code="a">000226</subfield>
            <subfield code="a">000245</subfield>
            <subfield code="a">000229</subfield>
            <subfield code="a">000301</subfield>
            <subfield code="a">000106</subfield>
            <subfield code="a">000223</subfield>
            <subfield code="a">000737</subfield>
            <subfield code="a">000226</subfield>
            <subfield code="a">000258</subfield>
            <subfield code="a">000419</subfield>
          </datafield>
          <datafield tag="500" ind1=" " ind2=" ">
            <subfield code="a">Song cycles. The 1st group with flute, oboe, violin, violoncello and harpsichord acc. (originally with piano); the 2nd group with clarinet and piano acc.; the remainder with piano acc.</subfield>
          </datafield>
          <datafield tag="546" ind1=" " ind2=" ">
            <subfield code="a">Sung in English; words from various sources.</subfield>
          </datafield>
          <datafield tag="511" ind1="0" ind2=" ">
            <subfield code="a">Jean Danton, soprano ; with, variously: Thomas Stumpf, piano, harpsichord ; David Martins, clarinet ; Ellen Michaud-Martins, horn ; Christopher Krueger, flute ; Jane Harrison, oboe ; Anne Black, violin ; John Bumstead, violoncello ; C. Thomas Brooks, conductor.</subfield>
          </datafield>
          <datafield tag="518" ind1=" " ind2=" ">
            <subfield code="a">Recorded at The Music Room, Cambridge MA.</subfield>
          </datafield>
          <datafield tag="500" ind1=" " ind2=" ">
            <subfield code="a">Compact disc.</subfield>
          </datafield>
          <datafield tag="500" ind1=" " ind2=" ">
            <subfield code="a">Biographical and program notes and vocal texts ([14] p. : port.) inserted in container.</subfield>
          </datafield>
          <datafield tag="505" ind1="0" ind2=" ">
            <subfield code="a">Six Elizabethan songs (Spring (1:45) ; Sleep (3:15) ; Winter (1:47) ; Dirge (3:40) ; Diaphenia (2:14) ; Hymn (3:46)) / Dominick Argento -- Three songs of innocence (Piping down the valleys wild (2:09) ; The shepherd (2:15) ; The echoing green (2:32)) / Arnold Cooke -- Songs about spring (Who knows if the moon's a balloon? (2:14) ; Spring is like a perhaps hand (2:42) ; In just--spring (1:50) ; In spring comes (1:53) ; When faces called flowers float out of the ground (2:26)) / Dominick Argento -- Nocturnes (The moon (2:45) ; Returning, we hear the larks (2:29) ; River roses (3:01) ; The owl (1:06) ; Boat song (2:23)) / Arnold Cooke -- For a sleeping child : lullabies &amp; midnight musings (Wynken, Blynken and Nod (7:37) ; All the pretty little horses (2:26) ; The mother's song (2:58) ; Some time (4:19)) / William Moylan.</subfield>
          </datafield>
          <datafield tag="650" ind1=" " ind2="0">
            <subfield code="a">Song cycles.</subfield>
          </datafield>
          <datafield tag="650" ind1=" " ind2="0">
            <subfield code="a">Songs (High voice) with instrumental ensemble.</subfield>
          </datafield>
          <datafield tag="650" ind1=" " ind2="0">
            <subfield code="a">Songs (High voice) with piano.</subfield>
          </datafield>
          <datafield tag="700" ind1="1" ind2=" ">
            <subfield code="a">Stumpf, Thomas,</subfield>
            <subfield code="d">1950-</subfield>
            <subfield code="4">itr</subfield>
          </datafield>
          <datafield tag="700" ind1="1" ind2=" ">
            <subfield code="a">Martins, David</subfield>
            <subfield code="c">(Clarinetist)</subfield>
            <subfield code="4">itr</subfield>
          </datafield>
          <datafield tag="700" ind1="1" ind2=" ">
            <subfield code="a">Michaud-Martins, Ellen.</subfield>
            <subfield code="4">itr</subfield>
          </datafield>
          <datafield tag="700" ind1="1" ind2=" ">
            <subfield code="a">Krueger, Christopher.</subfield>
            <subfield code="4">itr</subfield>
          </datafield>
          <datafield tag="700" ind1="1" ind2=" ">
            <subfield code="a">Harrison, Jane</subfield>
            <subfield code="c">(Oboist)</subfield>
            <subfield code="4">itr</subfield>
          </datafield>
          <datafield tag="700" ind1="1" ind2=" ">
            <subfield code="a">Black, Anne.</subfield>
            <subfield code="4">itr</subfield>
          </datafield>
          <datafield tag="700" ind1="1" ind2=" ">
            <subfield code="a">Bumstead, John.</subfield>
            <subfield code="4">itr</subfield>
          </datafield>
          <datafield tag="700" ind1="1" ind2=" ">
            <subfield code="a">Brooks, C. Thomas.</subfield>
            <subfield code="4">cnd</subfield>
          </datafield>
          <datafield tag="700" ind1="1" ind2="2">
            <subfield code="a">Argento, Dominick.</subfield>
            <subfield code="t">Elizabethan songs;</subfield>
            <subfield code="o">arranged.</subfield>
          </datafield>
          <datafield tag="700" ind1="1" ind2="2">
            <subfield code="a">Cooke, Arnold.</subfield>
            <subfield code="t">Songs of innocence.</subfield>
          </datafield>
          <datafield tag="700" ind1="1" ind2="2">
            <subfield code="a">Argento, Dominick.</subfield>
            <subfield code="t">Songs about spring.</subfield>
          </datafield>
          <datafield tag="700" ind1="1" ind2="2">
            <subfield code="a">Cooke, Arnold.</subfield>
            <subfield code="t">Nocturnes,</subfield>
            <subfield code="m">soprano, instrumental ensemble.</subfield>
          </datafield>
          <datafield tag="700" ind1="1" ind2="2">
            <subfield code="a">Moylan, William.</subfield>
            <subfield code="t">For a sleeping child.</subfield>
          </datafield>
          <datafield tag="952" ind1=" " ind2=" ">
            <subfield code="a">muzerec</subfield>
          </datafield>
          <datafield tag="985" ind1=" " ind2=" ">
            <subfield code="c">OCLC</subfield>
            <subfield code="e">srreplace 2003-08</subfield>
          </datafield>
        </record>
      </zs:recordData>
      <zs:recordPosition>6</zs:recordPosition>
    </zs:record>