
    <zs:record>
      <zs:recordSchema/>
      <zs:recordPacking>xml</zs:recordPacking>
      <zs:recordData>
        <record xmlns="http://www.loc.gov/MARC21/slim">
          <leader>04113cam a2200589 i 4500</leader>
          <controlfield tag="001">20811026</controlfield>
          <controlfield tag="005">20231108094424.0</controlfield>
          <controlfield tag="008">190115t20192019enkab    b    001 0 eng d</controlfield>
          <datafield tag="906" ind1=" " ind2=" ">
            <subfield code="a">7</subfield>
            <subfield code="b">cbc</subfield>
            <subfield code="c">copycat</subfield>
            <subfield code="d">2</subfield>
            <subfield code="e">ncip</subfield>
            <subfield code="f">20</subfield>
            <subfield code="g">y-gencatlg</subfield>
          </datafield>
          <datafield tag="925" ind1="0" ind2=" ">
            <subfield code="a">acquire</subfield>
            <subfield code="b">1 shelf copy</subfield>
            <subfield code="x">policy default</subfield>
          </datafield>
          <datafield tag="955" ind1=" " ind2=" ">
            <subfield code="b">rf29 2023-11-07 z-processor</subfield>
            <subfield code="i">rf29 2023-11-08 to CMD</subfield>
          </datafield>
          <datafield tag="955" ind1=" " ind2=" ">
            <subfield code="a">pc16 2019-01-15</subfield>
            <subfield code="a">xn11 2023-11-02 1 copy rec'd., to USASH</subfield>
          </datafield>
          <datafield tag="010" ind1=" " ind2=" ">
            <subfield code="a">  2019931261</subfield>
          </datafield>
          <datafield tag="020" ind1=" " ind2=" ">
            <subfield code="a">178925096X</subfield>
            <subfield code="q">(hardcover)</subfield>
          </datafield>
          <datafield tag="020" ind1=" " ind2=" ">
            <subfield code="a">9781789250961</subfield>
            <subfield code="q">(hardcover)</subfield>
          </datafield>
          <datafield tag="020" ind1=" " ind2=" ">
            <subfield code="z">9781789250978</subfield>
            <subfield code="q">(epub)</subfield>
          </datafield>
          <datafield tag="035" ind1=" " ind2=" ">
            <subfield code="a">(OCoLC)on1029859961</subfield>
          </datafield>
          <datafield tag="040" ind1=" " ind2=" ">
            <subfield code="a">YDX</subfield>
            <subfield code="b">eng</subfield>
            <subfield code="e">rda</subfield>
            <subfield code="c">YDX</subfield>
            <subfield code="d">OCLCQ</subfield>
            <subfield code="d">YDXIT</subfield>
            <subfield code="d">OCLCF</subfield>
            <subfield code="d">OCLCQ</subfield>
            <subfield code="d">OCLCO</subfield>
            <subfield code="d">OCLCQ</subfield>
            <subfield code="d">OCLCO</subfield>
            <subfield code="d">DLC</subfield>
          </datafield>
          <datafield tag="042" ind1=" " ind2=" ">
            <subfield code="a">lccopycat</subfield>
          </datafield>
          <datafield tag="043" ind1=" " ind2=" ">
            <subfield code="a">e-uk-st</subfield>
          </datafield>
          <datafield tag="050" ind1="0" ind2="0">
            <subfield code="a">DA880.O6</subfield>
            <subfield code="b">G75 2019</subfield>
          </datafield>
          <datafield tag="082" ind1="0" ind2="4">
            <subfield code="a">936.1132</subfield>
            <subfield code="2">23</subfield>
          </datafield>
          <datafield tag="100" ind1="1" ind2=" ">
            <subfield code="a">Griffiths, David,</subfield>
            <subfield code="d">1965-</subfield>
            <subfield code="e">author.</subfield>
          </datafield>
          <datafield tag="245" ind1="1" ind2="0">
            <subfield code="a">Beside the ocean :</subfield>
            <subfield code="b">coastal landscapes at the Bay of Skaill, Marwick, and Birsay Bay, Orkney : archaeological research 2003-2018 /</subfield>
            <subfield code="c">David Griffiths, Jane Harrison and Michael Athanson ; with contributions by Diane Alldritt, Steven P. Ashby [and 23 others] ; foreword by Andrew Greig.</subfield>
          </datafield>
          <datafield tag="246" ind1="3" ind2="0">
            <subfield code="a">Coastal landscapes at the Bay of Skaill, Marwick, and Birsay Bay, Orkney : archaeological research 2003-2018</subfield>
          </datafield>
          <datafield tag="264" ind1=" " ind2="1">
            <subfield code="a">Oxford ;</subfield>
            <subfield code="a">Philadelphia :</subfield>
            <subfield code="b">Oxbow Books,</subfield>
            <subfield code="c">2019.</subfield>
          </datafield>
          <datafield tag="264" ind1=" " ind2="4">
            <subfield code="c">©2019</subfield>
          </datafield>
          <datafield tag="300" ind1=" " ind2=" ">
            <subfield code="a">xxvii, 346 pages :</subfield>
            <subfield code="b">illustrations (some color), color maps ;</subfield>
            <subfield code="c">31 cm.</subfield>
          </datafield>
          <datafield tag="336" ind1=" " ind2=" ">
            <subfield code="a">text</subfield>
            <subfield code="b">txt</subfield>
            <subfield code="2">rdacontent</subfield>
          </datafield>
          <datafield tag="336" ind1=" " ind2=" ">
            <subfield code="a">still image</subfield>
            <subfield code="b">sti</subfield>
            <subfield code="2">rdacontent</subfield>
          </datafield>
          <datafield tag="336" ind1=" " ind2=" ">
            <subfield code="a">cartographic image</subfield>
            <subfield code="b">cri</subfield>
            <subfield code="2">rdacontent</subfield>
          </datafield>
          <datafield tag="337" ind1=" " ind2=" ">
            <subfield code="a">unmediated</subfield>
            <subfield code="b">n</subfield>
            <subfield code="2">rdamedia</subfield>
          </datafield>
          <datafield tag="338" ind1=" " ind2=" ">
            <subfield code="a">volume</subfield>
            <subfield code="b">nc</subfield>
            <subfield code="2">rdacarrier</subfield>
          </datafield>
          <datafield tag="504" ind1=" " ind2=" ">
            <subfield code="a">Includes bibliographical references (pages 325-340) and index.</subfield>
          </datafield>
          <datafield tag="505" ind1="0" ind2=" ">
            <subfield code="a">Past archaeological research / David Griffiths -- Landscape surveys, 2003-2015 / David Griffiths, Michael Athanson and Susan Ovenden -- Excavations / Jane Harrison and David Griffiths -- Dating and chronology / Derek Hamilton, Anthony M. Krus, Jean-Luc Schwenninger, Jane Harrison and David Griffiths -- Geoarchaeology / Helen Lewis -- Geochemical intra-site mapping : inorganic and organic / Roger C. Doonan and Alexandre Lucquin -- Archaeobotanical evidence : carbonised plant macrofossils and charcoal / Diane Alldrit -- Archaeozoological evidence : the faunal assemblages / Ingrid Mainland, Vicki Ewens and Cecily Webster -- Fish remains / Rebecca A. Nicholson --  Ferrous metalworking : vitrified material / Dawn McLaren -- Iron and lead finds / Colleen E. Batey -- Copper-alloy finds / David Griffiths -- Combs / Steven P. Ashby -- Worked bone / Colleen E. Batey -- Glass and amber beads / Birgitta Hoffmann and Colleen E. Batey -- Glass linen smoother / Colleen E. Batey, with a contribution from Justine Bayley -- Worked stone (non-steatite) / Dawn McLaren, with geological identifications by Fiona McGibbon -- Steatite / Amanda K. Forster, with a contribution from Richard Jones -- Ceramics / Derek Hall and Michael J. Hughes -- The 1858 Skaill Viking-age silver hoard / James Graham-Campbell -- A Viking-age bone strap-end from St Peter's Kirk, Bay of Skaill / Caroline Paterson -- The 'Fin King' folktale / Tom Muir -- Synthesis and discussion / David Griffiths.</subfield>
          </datafield>
          <datafield tag="650" ind1=" " ind2="0">
            <subfield code="a">Excavations (Archaeology)</subfield>
            <subfield code="z">Scotland</subfield>
            <subfield code="z">Orkney.</subfield>
          </datafield>
          <datafield tag="650" ind1=" " ind2="0">
            <subfield code="a">Vikings</subfield>
            <subfield code="z">Scotland</subfield>
            <subfield code="z">Orkney</subfield>
            <subfield code="x">History.</subfield>
          </datafield>
          <datafield tag="650" ind1=" " ind2="0">
            <subfield code="a">Viking antiquities</subfield>
            <subfield code="z">Scotland</subfield>
            <subfield code="z">Orkney.</subfield>
          </datafield>
          <datafield tag="651" ind1=" " ind2="0">
            <subfield code="a">Orkney (Scotland)</subfield>
            <subfield code="x">Antiquities.</subfield>
          </datafield>
          <datafield tag="650" ind1=" " ind2="6">
            <subfield code="a">Fouilles (Archéologie)</subfield>
            <subfield code="z">Écosse</subfield>
            <subfield code="z">Orcades.</subfield>
          </datafield>
          <datafield tag="650" ind1=" " ind2="6">
            <subfield code="a">Vikings</subfield>
            <subfield code="z">Écosse</subfield>
            <subfield code="z">Orcades</subfield>
            <subfield code="x">Histoire.</subfield>
          </datafield>
          <datafield tag="650" ind1=" " ind2="6">
            <subfield code="a">Antiquités vikings</subfield>
            <subfield code="z">Écosse</subfield>
            <subfield code="z">Orcades.</subfield>
          </datafield>
          <datafield tag="650" ind1=" " ind2="7">
            <subfield code="a">Antiquities.</subfield>
            <subfield code="2">fast</subfield>
            <subfield code="0">(OCoLC)fst00810745</subfield>
          </datafield>
          <datafield tag="650" ind1=" " ind2="7">
            <subfield code="a">Excavations (Archaeology)</subfield>
            <subfield code="2">fast</subfield>
            <subfield code="0">(OCoLC)fst00917564</subfield>
          </datafield>
          <datafield tag="650" ind1=" " ind2="7">
            <subfield code="a">Viking antiquities.</subfield>
            <subfield code="2">fast</subfield>
            <subfield code="0">(OCoLC)fst01166931</subfield>
          </datafield>
          <datafield tag="650" ind1=" " ind2="7">
            <subfield code="a">Vikings.</subfield>
            <subfield code="2">fast</subfield>
            <subfield code="0">(OCoLC)fst01166937</subfield>
          </datafield>
          <datafield tag="651" ind1=" " ind2="7">
            <subfield code="a">Scotland</subfield>
            <subfield code="z">Orkney.</subfield>
            <subfield code="2">fast</subfield>
            <subfield code="0">(OCoLC)fst01213949</subfield>
          </datafield>
          <datafield tag="655" ind1=" " ind2="7">
            <subfield code="a">History.</subfield>
            <subfield code="2">fast</subfield>
            <subfield code="0">(OCoLC)fst01411628</subfield>
          </datafield>
          <datafield tag="700" ind1="1" ind2=" ">
            <subfield code="a">Harrison, Jane,</subfield>
            <subfield code="d">1962-</subfield>
            <subfield code="e">author.</subfield>
          </datafield>
          <datafield tag="700" ind1="1" ind2=" ">
            <subfield code="a">Athanson, Michael,</subfield>
            <subfield code="d">1977-</subfield>
            <subfield code="e">author.</subfield>
          </datafield>
          <datafield tag="700" ind1="1" ind2=" ">
            <subfield code="a">Alldritt, D.,</subfield>
            <subfield code="e">author.</subfield>
          </datafield>
          <datafield tag="700" ind1="1" ind2=" ">
            <subfield code="a">Ashby, Steven P.,</subfield>
            <subfield code="e">author.</subfield>
          </datafield>
        </record>
      </zs:recordData>
      <zs:recordPosition>7</zs:recordPosition>
    </zs:record>