
    <zs:record>
      <zs:recordSchema/>
      <zs:recordPacking>xml</zs:recordPacking>
      <zs:recordData>
        <record xmlns="http://www.loc.gov/MARC21/slim">
          <leader>02807cam a2200397 a 4500</leader>
          <controlfield tag="001">16828402</controlfield>
          <controlfield tag="005">20160616091157.0</controlfield>
          <controlfield tag="008">110615s2008    maua   f b    000 0 eng d</controlfield>
          <datafield tag="906" ind1=" " ind2=" ">
            <subfield code="a">7</subfield>
            <subfield code="b">cbc</subfield>
            <subfield code="c">copycat</subfield>
            <subfield code="d">2</subfield>
            <subfield code="e">ncip</subfield>
            <subfield code="f">20</subfield>
            <subfield code="g">y-gencatlg</subfield>
          </datafield>
          <datafield tag="925" ind1="0" ind2=" ">
            <subfield code="a">acquire</subfield>
            <subfield code="b">2 shelf copies</subfield>
            <subfield code="x">policy default</subfield>
          </datafield>
          <datafield tag="955" ind1=" " ind2=" ">
            <subfield code="b">xe07 2011-06-15 z-processor to USGEN (2 copies)</subfield>
            <subfield code="i">re08 2011-06-27 to SL</subfield>
            <subfield code="e">re03 2011-07-18 to Dewey</subfield>
            <subfield code="w">rd03 2011-08-15</subfield>
          </datafield>
          <datafield tag="010" ind1=" " ind2=" ">
            <subfield code="a">  2011282228</subfield>
          </datafield>
          <datafield tag="020" ind1=" " ind2=" ">
            <subfield code="a">9780942349245 (pbk.)</subfield>
          </datafield>
          <datafield tag="020" ind1=" " ind2=" ">
            <subfield code="a">0942349245 (pbk.)</subfield>
          </datafield>
          <datafield tag="035" ind1=" " ind2=" ">
            <subfield code="a">(OCoLC)ocn245539383</subfield>
          </datafield>
          <datafield tag="040" ind1=" " ind2=" ">
            <subfield code="a">TLM</subfield>
            <subfield code="c">TLM</subfield>
            <subfield code="d">DLC</subfield>
          </datafield>
          <datafield tag="042" ind1=" " ind2=" ">
            <subfield code="a">lccopycat</subfield>
          </datafield>
          <datafield tag="050" ind1="0" ind2="0">
            <subfield code="a">LC192.4</subfield>
            <subfield code="b">.L66 2008</subfield>
          </datafield>
          <datafield tag="082" ind1="0" ind2="0">
            <subfield code="a">303.3/2</subfield>
            <subfield code="2">23</subfield>
          </datafield>
          <datafield tag="100" ind1="1" ind2=" ">
            <subfield code="a">Lonberger, Rosemary.</subfield>
          </datafield>
          <datafield tag="245" ind1="1" ind2="0">
            <subfield code="a">Links to literatures :</subfield>
            <subfield code="b">teaching tools to enhance literacy, character and social skills /</subfield>
            <subfield code="c">Rosemary Lonberger, Jane Harrison.</subfield>
          </datafield>
          <datafield tag="260" ind1=" " ind2=" ">
            <subfield code="a">Cambridge, MA :</subfield>
            <subfield code="b">Educators for Social Responsibility,</subfield>
            <subfield code="c">2008.</subfield>
          </datafield>
          <datafield tag="300" ind1=" " ind2=" ">
            <subfield code="a">xi, 108 p. :</subfield>
            <subfield code="b">ill. (some ill.) ;</subfield>
            <subfield code="c">29 cm.</subfield>
          </datafield>
          <datafield tag="504" ind1=" " ind2=" ">
            <subfield code="a">Includes bibliographical references (p. 104-106).</subfield>
          </datafield>
          <datafield tag="505" ind1="0" ind2=" ">
            <subfield code="a">Building community: Tool: gathering ; Tool: three-column chart ; Tool: visual representation ; Tool: collaborative group work ; Links to literature -- Emotional literacy: Tool: feelings inventory ; Tool: anger thermometer and anger reducers ; Tool: role-play ; Links to literature -- Conflict management and decision making: Tool: the conflict escalator and de-escalation ; Tool: win-win grid ; Tool: understanding conflict styles ; Tool: ABCD problem solving ; Links to literature -- Caring and effective communication: Tool: active listening ; Tool: the PEAR technique ; Tool :I-messages ; Tool: point of view ; Links to literature -- Cultural competence and alliance building: Tool: Venn diagram ; Tool: opinion continuum ; Tool: brainstorming ; Links to literature -- Reading strategies: Strategy #1: sketch to stretch ; Strategy #2: visualization ; Strategy #3: semantic feature analysis grid ; Strategy #4: character clusters ; Strategy #5: the literature chart ; Strategy #6: think-alouds ; Strategy #7: word walls ; Strategy #8: anticipation guide ; Strategy #9: open-mind portraits ; Strategy #10: say something ; Strategy #11: directed listening/thinking activity ; Strategy #12: plot profiles ; Strategy #13: "bookmark"-editing ; Strategy #14: literacy center with a social and emotional focus ; Strategy #15: thematic lesson planning.</subfield>
          </datafield>
          <datafield tag="650" ind1=" " ind2="0">
            <subfield code="a">Social learning.</subfield>
          </datafield>
          <datafield tag="650" ind1=" " ind2="0">
            <subfield code="a">Social skills.</subfield>
          </datafield>
          <datafield tag="650" ind1=" " ind2="0">
            <subfield code="a">Learning.</subfield>
          </datafield>
          <datafield tag="650" ind1=" " ind2="0">
            <subfield code="a">Character.</subfield>
          </datafield>
          <datafield tag="650" ind1=" " ind2="0">
            <subfield code="a">Personality development.</subfield>
          </datafield>
          <datafield tag="650" ind1=" " ind2="0">
            <subfield code="a">Conflict management.</subfield>
          </datafield>
          <datafield tag="650" ind1=" " ind2="0">
            <subfield code="a">Communication.</subfield>
          </datafield>
          <datafield tag="650" ind1=" " ind2="0">
            <subfield code="a">Reading.</subfield>
          </datafield>
          <datafield tag="700" ind1="1" ind2=" ">
            <subfield code="a">Harrison, Jane.</subfield>
          </datafield>
          <datafield tag="710" ind1="2" ind2=" ">
            <subfield code="a">Educators for Social Responsibility (U.S.)</subfield>
          </datafield>
          <datafield tag="856" ind1="4" ind2="1">
            <subfield code="3">Table of contents only</subfield>
            <subfield code="u">http://www.loc.gov/catdir/toc/fy11pdf04/2011282228.html</subfield>
          </datafield>
        </record>
      </zs:recordData>
      <zs:recordPosition>42</zs:recordPosition>
    </zs:record>