
    <zs:record>
      <zs:recordSchema/>
      <zs:recordPacking>xml</zs:recordPacking>
      <zs:recordData>
        <record xmlns="http://www.loc.gov/MARC21/slim">
          <leader>01145cam a22003011  4500</leader>
          <controlfield tag="001">5906684</controlfield>
          <controlfield tag="005">20130502142744.0</controlfield>
          <controlfield tag="008">720714s1890    enka          000 0 eng  </controlfield>
          <datafield tag="906" ind1=" " ind2=" ">
            <subfield code="a">7</subfield>
            <subfield code="b">cbc</subfield>
            <subfield code="c">oclcrpl</subfield>
            <subfield code="d">u</subfield>
            <subfield code="e">ncip</subfield>
            <subfield code="f">19</subfield>
            <subfield code="g">y-gencatlg</subfield>
          </datafield>
          <datafield tag="010" ind1=" " ind2=" ">
            <subfield code="a">   18011888 </subfield>
          </datafield>
          <datafield tag="035" ind1=" " ind2=" ">
            <subfield code="9">(DLC)   18011888</subfield>
          </datafield>
          <datafield tag="035" ind1=" " ind2=" ">
            <subfield code="a">(OCoLC)356581</subfield>
          </datafield>
          <datafield tag="040" ind1=" " ind2=" ">
            <subfield code="a">DLC</subfield>
            <subfield code="c">OMC</subfield>
            <subfield code="d">DCHS</subfield>
            <subfield code="d">DLC</subfield>
          </datafield>
          <datafield tag="041" ind1="1" ind2=" ">
            <subfield code="a">eng</subfield>
            <subfield code="h">grc</subfield>
          </datafield>
          <datafield tag="042" ind1=" " ind2=" ">
            <subfield code="a">premarc</subfield>
          </datafield>
          <datafield tag="050" ind1="0" ind2="0">
            <subfield code="a">DF275</subfield>
            <subfield code="b">.P42</subfield>
          </datafield>
          <datafield tag="100" ind1="0" ind2=" ">
            <subfield code="a">Pausanias,</subfield>
            <subfield code="d">active approximately 150-175.</subfield>
          </datafield>
          <datafield tag="240" ind1="1" ind2="0">
            <subfield code="a">Attica.</subfield>
            <subfield code="k">Selections.</subfield>
            <subfield code="l">English</subfield>
          </datafield>
          <datafield tag="245" ind1="0" ind2="0">
            <subfield code="a">Mythology &amp; monuments of ancient Athens;</subfield>
            <subfield code="b">being a translation of a portion of the 'Attica' of Pausanias</subfield>
            <subfield code="c">by Margaret de G. Verrall, with introductory essay and archæological commentary by Jane E. Harrison.</subfield>
          </datafield>
          <datafield tag="260" ind1=" " ind2=" ">
            <subfield code="a">London and New York,</subfield>
            <subfield code="b">Macmillan,</subfield>
            <subfield code="c">1890.</subfield>
          </datafield>
          <datafield tag="300" ind1=" " ind2=" ">
            <subfield code="a">635 p.</subfield>
            <subfield code="b">illus.</subfield>
            <subfield code="c">19 cm.</subfield>
          </datafield>
          <datafield tag="651" ind1=" " ind2="0">
            <subfield code="a">Athens (Greece)</subfield>
            <subfield code="x">Antiquities.</subfield>
          </datafield>
          <datafield tag="650" ind1=" " ind2="0">
            <subfield code="a">Cults</subfield>
            <subfield code="z">Greece</subfield>
            <subfield code="z">Athens.</subfield>
          </datafield>
          <datafield tag="650" ind1=" " ind2="0">
            <subfield code="a">Mythology, Greek.</subfield>
          </datafield>
          <datafield tag="700" ind1="1" ind2=" ">
            <subfield code="a">Harrison, Jane Ellen,</subfield>
            <subfield code="d">1850-1928.</subfield>
          </datafield>
          <datafield tag="700" ind1="1" ind2=" ">
            <subfield code="a">Verrall, Margaret de Gaudrion Merrifield,</subfield>
            <subfield code="d">-1916.</subfield>
          </datafield>
          <datafield tag="985" ind1=" " ind2=" ">
            <subfield code="e">OCLC REPLACEMENT cdsdistr</subfield>
          </datafield>
          <datafield tag="991" ind1=" " ind2=" ">
            <subfield code="b">c-GenColl</subfield>
            <subfield code="h">DF275</subfield>
            <subfield code="i">.P42</subfield>
            <subfield code="t">Copy 1</subfield>
            <subfield code="w">OCLCREP</subfield>
          </datafield>
        </record>
      </zs:recordData>
      <zs:recordPosition>44</zs:recordPosition>
    </zs:record>